<?xml version="1.0" encoding="UTF-8"?>
<collection>
    <record>
        <leader>00000cam 2200289 4500</leader>
        <controlfield tag="001">990204628170306576</controlfield>
        <controlfield tag="005">20100222124132.0</controlfield>
        <controlfield tag="008">710512s1971 mauab 000|0 engm </controlfield>
        <datafield tag="010" ind1=" " ind2=" ">
            <subfield code="a"> 76095917 //r822</subfield>
        </datafield>
        <datafield tag="020" ind1=" " ind2=" ">
            <subfield code="a">0674089650</subfield>
        </datafield>
        <datafield tag="035" ind1=" " ind2=" ">
            <subfield code="a">(aleph)020462817UXU01</subfield>
        </datafield>
        <datafield tag="035" ind1=" " ind2=" ">
            <subfield code="a">(OCoLC)00138521</subfield>
        </datafield>
        <datafield tag="035" ind1=" " ind2=" ">
            <subfield code="a">(EXLNZ-01FALSC_NETWORK)9910461667706561</subfield>
        </datafield>
        <datafield tag="035" ind1=" " ind2=" ">
            <subfield code="a">(01FALSC_FSU)990204628170306576</subfield>
        </datafield>
        <datafield tag="040" ind1=" " ind2=" ">
            <subfield code="a">DLC</subfield>
            <subfield code="c">DLC</subfield>
            <subfield code="d">m.c.</subfield>
        </datafield>
        <datafield tag="043" ind1=" " ind2=" ">
            <subfield code="a">a-tu---</subfield>
        </datafield>
        <datafield tag="050" ind1="0" ind2=" ">
            <subfield code="a">CJ1281</subfield>
            <subfield code="b">.B36</subfield>
        </datafield>
        <datafield tag="050" ind1="0" ind2="0">
            <subfield code="a">CJ1281</subfield>
            <subfield code="b">.B36 1971</subfield>
        </datafield>
        <datafield tag="082" ind1="0" ind2=" ">
            <subfield code="a">737.49/495</subfield>
        </datafield>
        <datafield tag="090" ind1=" " ind2=" ">
            <subfield code="a">fCJ1281</subfield>
            <subfield code="b">.B36</subfield>
        </datafield>
        <datafield tag="100" ind1="1" ind2=" ">
            <subfield code="a">Bates, George Eugene.</subfield>
        </datafield>
        <datafield tag="245" ind1="1" ind2="0">
            <subfield code="a">Byzantine coins</subfield>
            <subfield code="c">[by] George E. Bates.</subfield>
        </datafield>
        <datafield tag="260" ind1=" " ind2=" ">
            <subfield code="a">Cambridge,</subfield>
            <subfield code="b">Harvard University Press,</subfield>
            <subfield code="c">1971.</subfield>
        </datafield>
        <datafield tag="300" ind1=" " ind2=" ">
            <subfield code="a">x, 159 p.</subfield>
            <subfield code="b">illus., maps.</subfield>
            <subfield code="c">29 cm.</subfield>
        </datafield>
        <datafield tag="411" ind1="2" ind2="0">
            <subfield code="a">Archaeological Exploration of Sardis</subfield>
            <subfield code="d">(1958- ).</subfield>
            <subfield code="t">Monograph</subfield>
            <subfield code="v">1</subfield>
            <subfield code="5">FTaFA</subfield>
        </datafield>
        <datafield tag="440" ind1=" " ind2="0">
            <subfield code="a">Monograph (Archaeological Exploration of Sardis (1958- ))</subfield>
            <subfield code="v">1</subfield>
        </datafield>
        <datafield tag="490" ind1="1" ind2=" ">
            <subfield code="a">Archaeological Exploration of Sardis (1958- ). Monograph</subfield>
            <subfield code="v">1</subfield>
            <subfield code="5">FFmFGC</subfield>
            <subfield code="5">FSsNC</subfield>
            <subfield code="5">FMFIU</subfield>
        </datafield>
        <datafield tag="490" ind1="1" ind2=" ">
            <subfield code="a">Archaeological Exploration of Sardis monograph</subfield>
            <subfield code="v">1</subfield>
            <subfield code="5">FTaSU</subfield>
        </datafield>
        <datafield tag="650" ind1=" " ind2="0">
            <subfield code="a">Coins, Byzantine.</subfield>
        </datafield>
        <datafield tag="651" ind1=" " ind2="0">
            <subfield code="a">Sardis</subfield>
            <subfield code="x">Antiquities.</subfield>
        </datafield>
        <datafield tag="651" ind1=" " ind2="0">
            <subfield code="a">Sardis (Extinct city)</subfield>
        </datafield>
        <datafield tag="830" ind1=" " ind2="0">
            <subfield code="a">Monograph (Archaeological Exploration of Sardis (1958- ))
                ;</subfield>
            <subfield code="v">1.</subfield>
        </datafield>
        <datafield tag="830" ind1=" " ind2="0">
            <subfield code="a">Monograph (Archaeological Exploration of Sardis (Program))
                ;</subfield>
            <subfield code="v">1.</subfield>
        </datafield>
        <datafield tag="926" ind1=" " ind2=" ">
            <subfield code="a">HATHI-IC</subfield>
            <subfield code="5">KEEPUF</subfield>
            <subfield code="9">LOCAL</subfield>
        </datafield>
        <datafield tag="998" ind1=" " ind2=" ">
            <subfield code="a">020462817</subfield>
            <subfield code="9">LOCAL</subfield>
        </datafield>
    </record>