
    <record>
        <leader> nam 2200349 4500</leader>
        <controlfield tag="001">990207013090306576</controlfield>
        <controlfield tag="005">20080917132638.0</controlfield>
        <controlfield tag="008">711102s1971 nyua b 101|0 engm </controlfield>
        <datafield tag="010" ind1=" " ind2=" ">
            <subfield code="a"> 72029396</subfield>
        </datafield>
        <datafield tag="020" ind1=" " ind2=" ">
            <subfield code="a">0815650299</subfield>
        </datafield>
        <datafield tag="035" ind1=" " ind2=" ">
            <subfield code="a">(aleph)020701309UXU01</subfield>
        </datafield>
        <datafield tag="035" ind1=" " ind2=" ">
            <subfield code="a">(OCoLC)00205005</subfield>
        </datafield>
        <datafield tag="035" ind1=" " ind2=" ">
            <subfield code="a">(EXLNZ-01FALSC_NETWORK)9910692885306561</subfield>
        </datafield>
        <datafield tag="035" ind1=" " ind2=" ">
            <subfield code="a">(01FALSC_FSU)990207013090306576</subfield>
        </datafield>
        <datafield tag="040" ind1=" " ind2=" ">
            <subfield code="a">DLC</subfield>
            <subfield code="c">DLC</subfield>
            <subfield code="d">FTU</subfield>
        </datafield>
        <datafield tag="050" ind1="0" ind2=" ">
            <subfield code="a">UF526.3</subfield>
            <subfield code="b">.S3 1970</subfield>
        </datafield>
        <datafield tag="050" ind1="0" ind2=" ">
            <subfield code="a">UF526.3</subfield>
            <subfield code="b">.S3 no. 17</subfield>
            <subfield code="a">TA404.8</subfield>
        </datafield>
        <datafield tag="050" ind1="0" ind2=" ">
            <subfield code="a">TA404.8</subfield>
            <subfield code="b">.S3 1970</subfield>
        </datafield>
        <datafield tag="082" ind1="0" ind2=" ">
            <subfield code="a">620.1/1 s</subfield>
            <subfield code="a">620.1/1248</subfield>
            <subfield code="2">19</subfield>
        </datafield>
        <datafield tag="082" ind1="0" ind2=" ">
            <subfield code="a">620.1/1248</subfield>
        </datafield>
        <datafield tag="090" ind1=" " ind2=" ">
            <subfield code="a">TA404.8</subfield>
            <subfield code="b">.S3</subfield>
        </datafield>
        <datafield tag="092" ind1=" " ind2=" ">
            <subfield code="a">623.4072</subfield>
            <subfield code="b">S129, 17th, 1970</subfield>
        </datafield>
        <datafield tag="111" ind1="2" ind2=" ">
            <subfield code="a">Sagamore Army Materials Research Conference</subfield>
            <subfield code="n">(17th :</subfield>
            <subfield code="d">1970 :</subfield>
            <subfield code="c">Raquette Lake, N.Y.)</subfield>
        </datafield>
        <datafield tag="245" ind1="1" ind2="0">
            <subfield code="a">Shock waves and the mechanical properties of solids;</subfield>
            <subfield code="b">proceedings.</subfield>
            <subfield code="c">Editors: John J. Burke [and] Volker Weiss.</subfield>
        </datafield>
        <datafield tag="250" ind1=" " ind2=" ">
            <subfield code="a">[1st ed.</subfield>
        </datafield>
        <datafield tag="260" ind1=" " ind2=" ">
            <subfield code="a">Syracuse, N.Y.]</subfield>
            <subfield code="b">Syracuse University Press</subfield>
            <subfield code="c">[1971]</subfield>
        </datafield>
        <datafield tag="300" ind1=" " ind2=" ">
            <subfield code="a">417 p.</subfield>
            <subfield code="b">illus.</subfield>
            <subfield code="c">24 cm.</subfield>
        </datafield>
        <datafield tag="411" ind1="2" ind2="0">
            <subfield code="a">Sagamore Army Materials Research Conference.</subfield>
            <subfield code="t">Sagamore Army Materials Research Conference proceedings,</subfield>
            <subfield code="v">17</subfield>
            <subfield code="5">FBoU</subfield>
        </datafield>
        <datafield tag="490" ind1="1" ind2=" ">
            <subfield code="a">Sagamore Army Materials Research Conference. Proceedings,</subfield>
            <subfield code="v">17</subfield>
            <subfield code="5">FPeU</subfield>
            <subfield code="5">FTaSU</subfield>
        </datafield>
        <datafield tag="490" ind1="1" ind2=" ">
            <subfield code="a">Sagamore Army Materials Research Conference proceedings / Sagamore
                Army Materials Research Conference ;</subfield>
            <subfield code="v">17th</subfield>
            <subfield code="5">FOFT</subfield>
        </datafield>
        <datafield tag="490" ind1="1" ind2=" ">
            <subfield code="a">Sagamore Army Materials Research Conference.</subfield>
            <subfield code="a">Sagamore Army Materials Research Conference proceedings,</subfield>
            <subfield code="v">17</subfield>
            <subfield code="5">FMFIU</subfield>
        </datafield>
        <datafield tag="504" ind1=" " ind2=" ">
            <subfield code="a">Includes bibliographical references and index.</subfield>
        </datafield>
        <datafield tag="650" ind1=" " ind2="0">
            <subfield code="a">Shock waves</subfield>
            <subfield code="x">Congresses.</subfield>
        </datafield>
        <datafield tag="650" ind1=" " ind2="0">
            <subfield code="a">Materials</subfield>
            <subfield code="x">Congresses.</subfield>
        </datafield>
        <datafield tag="700" ind1="1" ind2=" ">
            <subfield code="a">Weiss, Volker,</subfield>
            <subfield code="d">1930-</subfield>
        </datafield>
        <datafield tag="700" ind1="1" ind2=" ">
            <subfield code="a">Burke, John J.</subfield>
        </datafield>
        <datafield tag="700" ind1="1" ind2=" ">
            <subfield code="a">Burke, John J.,</subfield>
            <subfield code="e">ed.</subfield>
        </datafield>
        <datafield tag="700" ind1="1" ind2=" ">
            <subfield code="a">Weiss, Volker,</subfield>
            <subfield code="d">1930-</subfield>
            <subfield code="e">ed.</subfield>
        </datafield>
        <datafield tag="811" ind1="2" ind2=" ">
            <subfield code="a">Sagamore Army Materials Research Conference.</subfield>
            <subfield code="t">Sagamore Army Materials Research Conference proceedings,</subfield>
            <subfield code="v">17th.</subfield>
        </datafield>
        <datafield tag="830" ind1=" " ind2="0">
            <subfield code="a">Sagamore Army Materials Research Conference proceedings ;</subfield>
            <subfield code="v">17th.</subfield>
        </datafield>
        <datafield tag="926" ind1=" " ind2=" ">
            <subfield code="a">HATHI-IC</subfield>
            <subfield code="5">KEEPUF</subfield>
            <subfield code="9">LOCAL</subfield>
        </datafield>
        <datafield tag="998" ind1=" " ind2=" ">
            <subfield code="a">020701309</subfield>
            <subfield code="9">LOCAL</subfield>
        </datafield>
    </record>