
    <record>
        <leader> nam 2200277I 4500</leader>
        <controlfield tag="001">990207799940306576</controlfield>
        <controlfield tag="005">20100902110409.0</controlfield>
        <controlfield tag="008">720203s1964 njua b 100|0 engm </controlfield>
        <datafield tag="010" ind1=" " ind2=" ">
            <subfield code="a"> 63018648</subfield>
        </datafield>
        <datafield tag="035" ind1=" " ind2=" ">
            <subfield code="a">(aleph)020779994UXU01</subfield>
        </datafield>
        <datafield tag="035" ind1=" " ind2=" ">
            <subfield code="a">(OCoLC)00233167</subfield>
        </datafield>
        <datafield tag="035" ind1=" " ind2=" ">
            <subfield code="a">(EXLNZ-01FALSC_NETWORK)9910506554106561</subfield>
        </datafield>
        <datafield tag="035" ind1=" " ind2=" ">
            <subfield code="a">(01FALSC_FSU)990207799940306576</subfield>
        </datafield>
        <datafield tag="040" ind1=" " ind2=" ">
            <subfield code="c">DLC</subfield>
            <subfield code="d">FTU</subfield>
        </datafield>
        <datafield tag="043" ind1=" " ind2=" ">
            <subfield code="a">n-us---</subfield>
        </datafield>
        <datafield tag="050" ind1="0" ind2=" ">
            <subfield code="a">HC106.3</subfield>
            <subfield code="b">.S78 v.28</subfield>
        </datafield>
        <datafield tag="050" ind1="0" ind2=" ">
            <subfield code="a">HC106.3</subfield>
            <subfield code="b">.C714 vol. 28</subfield>
        </datafield>
        <datafield tag="082" ind1="0" ind2=" ">
            <subfield code="a">339.373</subfield>
        </datafield>
        <datafield tag="090" ind1=" " ind2=" ">
            <subfield code="a">HC106.3</subfield>
            <subfield code="b">.C6 v.28</subfield>
        </datafield>
        <datafield tag="090" ind1=" " ind2=" ">
            <subfield code="a">HC106.3</subfield>
            <subfield code="b">.C714 v. 28</subfield>
        </datafield>
        <datafield tag="111" ind1="2" ind2=" ">
            <subfield code="a">Conference on Models of Income Determination</subfield>
            <subfield code="d">(1962 :</subfield>
            <subfield code="c">Chapel Hill, N.C.)</subfield>
        </datafield>
        <datafield tag="245" ind1="1" ind2="0">
            <subfield code="a">Models of income determination.</subfield>
        </datafield>
        <datafield tag="260" ind1=" " ind2=" ">
            <subfield code="a">[Princeton,</subfield>
            <subfield code="b">Princeton University Press,</subfield>
            <subfield code="c">1964.</subfield>
        </datafield>
        <datafield tag="300" ind1=" " ind2=" ">
            <subfield code="a">427 p.</subfield>
        </datafield>
        <datafield tag="411" ind1="2" ind2="0">
            <subfield code="a">Conference on Models of Income Determination</subfield>
            <subfield code="d">(1962 :</subfield>
            <subfield code="c">Chapel Hill, N.C.).</subfield>
            <subfield code="t">Studies in income and wealth,</subfield>
            <subfield code="v">v. 28</subfield>
            <subfield code="5">FTaFA</subfield>
        </datafield>
        <datafield tag="440" ind1=" " ind2="0">
            <subfield code="a">Studies in income and wealth,</subfield>
            <subfield code="v">v. 28</subfield>
        </datafield>
        <datafield tag="490" ind1="0" ind2=" ">
            <subfield code="a">Conference on Research in Income and Wealth. Studies in income and
                wealth, v. 28</subfield>
            <subfield code="5">FBoU</subfield>
        </datafield>
        <datafield tag="490" ind1="1" ind2=" ">
            <subfield code="a">Conference on Research in Income and Wealth. Studies in income and
                wealth,</subfield>
            <subfield code="v">v. 28</subfield>
            <subfield code="5">FJUNF</subfield>
        </datafield>
        <datafield tag="490" ind1="1" ind2=" ">
            <subfield code="a">Studies in income and wealth,</subfield>
            <subfield code="v">v. 28</subfield>
            <subfield code="5">FTS</subfield>
            <subfield code="5">FTaSU</subfield>
        </datafield>
        <datafield tag="500" ind1=" " ind2=" ">
            <subfield code="a">"A report of the National Bureau of Economic Research."</subfield>
            <subfield code="5">FJUNF</subfield>
            <subfield code="5">FMFIU</subfield>
            <subfield code="5">FTS</subfield>
            <subfield code="5">FTaSU</subfield>
            <subfield code="5">FU</subfield>
            <subfield code="5">FPeU</subfield>
        </datafield>
        <datafield tag="504" ind1=" " ind2=" ">
            <subfield code="a">Includes bibliographies and index.</subfield>
        </datafield>
        <datafield tag="650" ind1=" " ind2="0">
            <subfield code="a">Income</subfield>
            <subfield code="x">Mathematical models.</subfield>
        </datafield>
        <datafield tag="650" ind1=" " ind2="0">
            <subfield code="a">Income</subfield>
            <subfield code="z">United States</subfield>
            <subfield code="v">Congresses.</subfield>
        </datafield>
        <datafield tag="650" ind1=" " ind2="0">
            <subfield code="a">Income</subfield>
            <subfield code="x">Mathematical models</subfield>
            <subfield code="v">Congresses.</subfield>
        </datafield>
        <datafield tag="650" ind1=" " ind2="0">
            <subfield code="a">Income</subfield>
            <subfield code="z">United States.</subfield>
        </datafield>
        <datafield tag="710" ind1="2" ind2=" ">
            <subfield code="a">National Bureau of Economic Research.</subfield>
        </datafield>
        <datafield tag="830" ind1=" " ind2="0">
            <subfield code="a">Studies in income and wealth ;</subfield>
            <subfield code="v">v. 28.</subfield>
        </datafield>
        <datafield tag="926" ind1=" " ind2=" ">
            <subfield code="a">HATHI-IC</subfield>
            <subfield code="5">KEEPUF</subfield>
            <subfield code="9">LOCAL</subfield>
        </datafield>
        <datafield tag="998" ind1=" " ind2=" ">
            <subfield code="a">020779994</subfield>
            <subfield code="9">LOCAL</subfield>
        </datafield>
    </record>