
    <record>
        <leader> pam 2200301 4500</leader>
        <controlfield tag="001">990208982570306576</controlfield>
        <controlfield tag="005">20100629155419.0</controlfield>
        <controlfield tag="008">740731s1974 maua b 101|0 eng </controlfield>
        <datafield tag="010" ind1=" " ind2=" ">
            <subfield code="a"> 74014827</subfield>
        </datafield>
        <datafield tag="020" ind1=" " ind2=" ">
            <subfield code="a">0669957291</subfield>
        </datafield>
        <datafield tag="035" ind1=" " ind2=" ">
            <subfield code="a">(aleph)020898257UXU01</subfield>
        </datafield>
        <datafield tag="035" ind1=" " ind2="9">
            <subfield code="a">(OCoLC)01008189</subfield>
        </datafield>
        <datafield tag="035" ind1=" " ind2=" ">
            <subfield code="a">(EXLNZ-01FALSC_NETWORK)9910001464206561</subfield>
        </datafield>
        <datafield tag="035" ind1=" " ind2=" ">
            <subfield code="a">(01FALSC_FSU)990208982570306576</subfield>
        </datafield>
        <datafield tag="040" ind1=" " ind2=" ">
            <subfield code="a">DLC</subfield>
            <subfield code="c">DLC</subfield>
            <subfield code="d">FTU</subfield>
        </datafield>
        <datafield tag="050" ind1="0" ind2=" ">
            <subfield code="a">HV6030</subfield>
            <subfield code="b">.I54 1973 v. 1</subfield>
        </datafield>
        <datafield tag="082" ind1="0" ind2=" ">
            <subfield code="a">364 s</subfield>
            <subfield code="a">364</subfield>
        </datafield>
        <datafield tag="090" ind1=" " ind2=" ">
            <subfield code="a">HV6030</subfield>
            <subfield code="b">.I54 1973, v.1</subfield>
        </datafield>
        <datafield tag="111" ind1="2" ind2=" ">
            <subfield code="a">International Symposium on Victimology</subfield>
            <subfield code="n">(1st :</subfield>
            <subfield code="d">1973 :</subfield>
            <subfield code="c">Jerusalem)</subfield>
        </datafield>
        <datafield tag="245" ind1="1" ind2="0">
            <subfield code="a">Theoretical issues in victimology,</subfield>
            <subfield code="c">edited by Israel Drapkin and Emilio Viano.</subfield>
        </datafield>
        <datafield tag="260" ind1=" " ind2=" ">
            <subfield code="a">Lexington, Mass.,</subfield>
            <subfield code="b">Lexington Books</subfield>
            <subfield code="c">[1974]</subfield>
        </datafield>
        <datafield tag="300" ind1=" " ind2=" ">
            <subfield code="a">xvii, 217 p.</subfield>
            <subfield code="b">illus.</subfield>
            <subfield code="c">24 cm.</subfield>
        </datafield>
        <datafield tag="411" ind1="2" ind2="1">
            <subfield code="a">Its</subfield>
            <subfield code="t">Victimology: a new focus ;</subfield>
            <subfield code="v">v. 1</subfield>
            <subfield code="5">FPeU</subfield>
        </datafield>
        <datafield tag="440" ind1=" " ind2="0">
            <subfield code="a">Victimology: a new focus ;</subfield>
            <subfield code="v">v. 1</subfield>
        </datafield>
        <datafield tag="490" ind1="1" ind2=" ">
            <subfield code="a">Its Victimology: a new focus, v. 1</subfield>
            <subfield code="5">FSsNC</subfield>
            <subfield code="5">FMFIU</subfield>
            <subfield code="5">FTaSU</subfield>
            <subfield code="5">FU</subfield>
        </datafield>
        <datafield tag="500" ind1=" " ind2=" ">
            <subfield code="a">Includes primarily papers presented at the symposium.</subfield>
            <subfield code="5">FSsNC</subfield>
            <subfield code="5">FPeU</subfield>
            <subfield code="5">FOFT</subfield>
            <subfield code="5">FMFIU</subfield>
            <subfield code="5">FTaSU</subfield>
            <subfield code="5">FU</subfield>
        </datafield>
        <datafield tag="504" ind1=" " ind2=" ">
            <subfield code="a">Includes bibliographical references.</subfield>
        </datafield>
        <datafield tag="650" ind1=" " ind2="0">
            <subfield code="a">Victims of crimes</subfield>
            <subfield code="x">Congresses.</subfield>
        </datafield>
        <datafield tag="700" ind1="1" ind2=" ">
            <subfield code="a">Drapkin, Israel,</subfield>
            <subfield code="d">1905-</subfield>
            <subfield code="e">ed.</subfield>
        </datafield>
        <datafield tag="700" ind1="1" ind2=" ">
            <subfield code="a">Viano, Emilio,</subfield>
            <subfield code="e">ed.</subfield>
        </datafield>
        <datafield tag="700" ind1="1" ind2=" ">
            <subfield code="a">Drapkin, Israel,</subfield>
            <subfield code="d">1905-</subfield>
        </datafield>
        <datafield tag="700" ind1="1" ind2=" ">
            <subfield code="a">Viano, Emilio.</subfield>
        </datafield>
        <datafield tag="700" ind1="1" ind2=" ">
            <subfield code="a">Viano, Emilio,</subfield>
            <subfield code="e">jt. ed.</subfield>
        </datafield>
        <datafield tag="811" ind1="2" ind2=" ">
            <subfield code="a">International Symposium on Victimology.</subfield>
            <subfield code="t">Victimology, a new focus ;</subfield>
            <subfield code="v">1.</subfield>
        </datafield>
        <datafield tag="926" ind1=" " ind2=" ">
            <subfield code="a">HATHI-IC</subfield>
            <subfield code="5">KEEPUF</subfield>
            <subfield code="9">LOCAL</subfield>
        </datafield>
        <datafield tag="998" ind1=" " ind2=" ">
            <subfield code="a">020898257</subfield>
            <subfield code="9">LOCAL</subfield>
        </datafield>
    </record>