
    <record>
        <leader> cam 2200409I 4500</leader>
        <controlfield tag="001">990216542960306576</controlfield>
        <controlfield tag="005">20201214150223.0</controlfield>
        <controlfield tag="008">740530s1973 flua 100 0 eng d</controlfield>
        <datafield tag="035" ind1=" " ind2=" ">
            <subfield code="a">(aleph)021654296UXU01</subfield>
        </datafield>
        <datafield tag="035" ind1=" " ind2=" ">
            <subfield code="a">(OCoLC)00904879</subfield>
        </datafield>
        <datafield tag="035" ind1=" " ind2=" ">
            <subfield code="a">(EXLNZ-01FALSC_NETWORK)9910357711706561</subfield>
        </datafield>
        <datafield tag="035" ind1=" " ind2=" ">
            <subfield code="a">(01FALSC_FSU)990216542960306576</subfield>
        </datafield>
        <datafield tag="040" ind1=" " ind2=" ">
            <subfield code="a">COO</subfield>
            <subfield code="b">eng</subfield>
            <subfield code="c">COO</subfield>
            <subfield code="d">OCL</subfield>
            <subfield code="d">OCLCQ</subfield>
            <subfield code="d">OCLCG</subfield>
            <subfield code="d">HU9</subfield>
            <subfield code="d">OCLCQ</subfield>
            <subfield code="d">OCLCO</subfield>
            <subfield code="d">OCLCF</subfield>
            <subfield code="d">OCLCQ</subfield>
            <subfield code="d">OCL</subfield>
            <subfield code="d">FHL</subfield>
            <subfield code="d">OCLCQ</subfield>
            <subfield code="d">FQG</subfield>
        </datafield>
        <datafield tag="043" ind1=" " ind2=" ">
            <subfield code="a">n-usu--</subfield>
        </datafield>
        <datafield tag="049" ind1=" " ind2=" ">
            <subfield code="a">FWAA</subfield>
        </datafield>
        <datafield tag="050" ind1=" " ind2="4">
            <subfield code="a">F296</subfield>
            <subfield code="b">.G97 1972</subfield>
        </datafield>
        <datafield tag="082" ind1="0" ind2="4">
            <subfield code="a">320.976</subfield>
            <subfield code="b">G971g 1973</subfield>
        </datafield>
        <datafield tag="111" ind1="2" ind2=" ">
            <subfield code="a">Gulf Coast History and Humanities Conference</subfield>
            <subfield code="n">(4th :</subfield>
            <subfield code="d">1972 :</subfield>
            <subfield code="c">Pensacola, Fla.)</subfield>
        </datafield>
        <datafield tag="245" ind1="1" ind2="0">
            <subfield code="a">Gulf Coast politics in the twentieth century.</subfield>
            <subfield code="c">Ted Carageorge, editor. Thomas J. Gilliam, assistant
                editor.</subfield>
        </datafield>
        <datafield tag="260" ind1=" " ind2=" ">
            <subfield code="a">Pensacola, Fla.,</subfield>
            <subfield code="b">Historic Pensacola Preservation Board,</subfield>
            <subfield code="c">1973.</subfield>
        </datafield>
        <datafield tag="300" ind1=" " ind2=" ">
            <subfield code="a">[v], 89 pages</subfield>
            <subfield code="b">illustrations</subfield>
            <subfield code="c">23 cm.</subfield>
        </datafield>
        <datafield tag="336" ind1=" " ind2=" ">
            <subfield code="a">text</subfield>
            <subfield code="b">txt</subfield>
            <subfield code="2">rdacontent</subfield>
        </datafield>
        <datafield tag="337" ind1=" " ind2=" ">
            <subfield code="a">unmediated</subfield>
            <subfield code="b">n</subfield>
            <subfield code="2">rdamedia</subfield>
        </datafield>
        <datafield tag="338" ind1=" " ind2=" ">
            <subfield code="a">volume</subfield>
            <subfield code="b">nc</subfield>
            <subfield code="2">rdacarrier</subfield>
        </datafield>
        <datafield tag="490" ind1="1" ind2=" ">
            <subfield code="a">Gulf Coast History and Humanities Conference. Proceedings,</subfield>
            <subfield code="v">v. 4</subfield>
        </datafield>
        <datafield tag="504" ind1=" " ind2=" ">
            <subfield code="a">Includes bibliographical references.</subfield>
        </datafield>
        <datafield tag="651" ind1=" " ind2="0">
            <subfield code="a">Gulf States</subfield>
            <subfield code="x">Politics and government</subfield>
            <subfield code="y">1945-</subfield>
            <subfield code="v">Congresses.</subfield>
        </datafield>
        <datafield tag="650" ind1=" " ind2="7">
            <subfield code="a">Politics and government</subfield>
            <subfield code="2">fast</subfield>
            <subfield code="0">(OCoLC)fst01919741</subfield>
        </datafield>
        <datafield tag="651" ind1=" " ind2="7">
            <subfield code="a">United States</subfield>
            <subfield code="z">Gulf States.</subfield>
            <subfield code="2">fast</subfield>
            <subfield code="0">(OCoLC)fst01240878</subfield>
        </datafield>
        <datafield tag="651" ind1=" " ind2="7">
            <subfield code="a">United States, Gulf States</subfield>
            <subfield code="x">History.</subfield>
            <subfield code="2">fssh</subfield>
        </datafield>
        <datafield tag="651" ind1=" " ind2="7">
            <subfield code="a">United States</subfield>
            <subfield code="x">History.</subfield>
            <subfield code="2">fssh</subfield>
        </datafield>
        <datafield tag="651" ind1=" " ind2="7">
            <subfield code="a">United States, Southern States</subfield>
            <subfield code="x">History.</subfield>
            <subfield code="2">fssh</subfield>
        </datafield>
        <datafield tag="648" ind1=" " ind2="7">
            <subfield code="a">Since 1945</subfield>
            <subfield code="2">fast</subfield>
        </datafield>
        <datafield tag="655" ind1=" " ind2="7">
            <subfield code="a">Conference papers and proceedings.</subfield>
            <subfield code="2">fast</subfield>
            <subfield code="0">(OCoLC)fst01423772</subfield>
        </datafield>
        <datafield tag="700" ind1="1" ind2=" ">
            <subfield code="a">Carageorge, Ted.</subfield>
        </datafield>
        <datafield tag="700" ind1="1" ind2=" ">
            <subfield code="a">Gilliam, Thomas J.</subfield>
            <subfield code="q">(Thomas Jasper),</subfield>
            <subfield code="d">1942-</subfield>
        </datafield>
        <datafield tag="776" ind1="0" ind2="8">
            <subfield code="i">Online version:</subfield>
            <subfield code="a">Gulf Coast History and Humanities Conference (4th : 1972 : Pensacola,
                Fla.).</subfield>
            <subfield code="t">Gulf Coast politics in the twentieth century.</subfield>
            <subfield code="d">Pensacola, Fla., Historic Pensacola Preservation Board,
                1973</subfield>
            <subfield code="w">(OCoLC)643613694</subfield>
        </datafield>
        <datafield tag="811" ind1="2" ind2=" ">
            <subfield code="a">Gulf Coast History and Humanities Conference.</subfield>
            <subfield code="t">Proceedings of the Gulf Coast History and Humanities Conference
                ;</subfield>
            <subfield code="v">v. 4.</subfield>
        </datafield>
        <datafield tag="926" ind1=" " ind2=" ">
            <subfield code="a">HATHI-IC</subfield>
            <subfield code="5">KEEPUF</subfield>
            <subfield code="9">LOCAL</subfield>
        </datafield>
        <datafield tag="998" ind1=" " ind2=" ">
            <subfield code="a">021654296</subfield>
            <subfield code="9">LOCAL</subfield>
        </datafield>
    </record>