
    <record>
        <leader> pam 2200289 a 4500</leader>
        <controlfield tag="001">990219012550306576</controlfield>
        <controlfield tag="008">820729s1982 dcu b 100|0 eng </controlfield>
        <datafield tag="010" ind1=" " ind2=" ">
            <subfield code="a"> 82040207</subfield>
        </datafield>
        <datafield tag="020" ind1=" " ind2=" ">
            <subfield code="a">0819127116 :</subfield>
            <subfield code="c">$18.75</subfield>
        </datafield>
        <datafield tag="020" ind1=" " ind2=" ">
            <subfield code="a">0819127124 (pbk.) :</subfield>
            <subfield code="c">$7.75</subfield>
        </datafield>
        <datafield tag="035" ind1=" " ind2=" ">
            <subfield code="a">(aleph)021901255UXU01</subfield>
        </datafield>
        <datafield tag="035" ind1=" " ind2=" ">
            <subfield code="a">(OCoLC)08709243</subfield>
        </datafield>
        <datafield tag="035" ind1=" " ind2=" ">
            <subfield code="a">(EXLNZ-01FALSC_NETWORK)9910429658106561</subfield>
        </datafield>
        <datafield tag="035" ind1=" " ind2=" ">
            <subfield code="a">(01FALSC_FSU)990219012550306576</subfield>
        </datafield>
        <datafield tag="040" ind1=" " ind2=" ">
            <subfield code="a">DLC</subfield>
            <subfield code="c">DLC</subfield>
            <subfield code="d">FHC</subfield>
        </datafield>
        <datafield tag="050" ind1="0" ind2=" ">
            <subfield code="a">PN1721</subfield>
            <subfield code="b">.A44 1982</subfield>
        </datafield>
        <datafield tag="050" ind1="0" ind2="0">
            <subfield code="a">PN1721</subfield>
            <subfield code="b">.U5 1981</subfield>
        </datafield>
        <datafield tag="082" ind1="0" ind2=" ">
            <subfield code="a">809.2</subfield>
            <subfield code="2">19</subfield>
        </datafield>
        <datafield tag="111" ind1="2" ind2=" ">
            <subfield code="a">University of Florida Department of Classics Comparative Drama
                Conference</subfield>
            <subfield code="d">(1981)</subfield>
        </datafield>
        <datafield tag="245" ind1="0" ind2="0">
            <subfield code="a">All the world-- :</subfield>
            <subfield code="b">drama past and present /</subfield>
            <subfield code="c">edited by Karelisa V. Hartigan.</subfield>
        </datafield>
        <datafield tag="260" ind1=" " ind2=" ">
            <subfield code="a">Washington, D.C. :</subfield>
            <subfield code="b">University Press of America,</subfield>
            <subfield code="c">c1982.</subfield>
        </datafield>
        <datafield tag="300" ind1=" " ind2=" ">
            <subfield code="a">viii, 140 p. ;</subfield>
            <subfield code="c">22 cm.</subfield>
        </datafield>
        <datafield tag="411" ind1="2" ind2="0">
            <subfield code="a">University of Florida Department of Classics Comparative Drama
                Conference.</subfield>
            <subfield code="t">University of Florida Department of Classics Comparative Drama
                Conference papers ;</subfield>
            <subfield code="v">v. 2</subfield>
            <subfield code="5">FTS</subfield>
        </datafield>
        <datafield tag="440" ind1=" " ind2="4">
            <subfield code="a">The University of Florida Department of Classics comparative drama
                conference papers ;</subfield>
            <subfield code="v">v. 2</subfield>
        </datafield>
        <datafield tag="490" ind1="1" ind2=" ">
            <subfield code="a">The University of Florida Department of Classics comparative drama
                conference papers ;</subfield>
            <subfield code="v">v. 2</subfield>
            <subfield code="5">FPeU</subfield>
            <subfield code="5">FTaSU</subfield>
            <subfield code="5">FU</subfield>
        </datafield>
        <datafield tag="504" ind1=" " ind2=" ">
            <subfield code="a">Includes bibliographical references.</subfield>
        </datafield>
        <datafield tag="650" ind1=" " ind2="0">
            <subfield code="a">Drama</subfield>
            <subfield code="x">History and criticism</subfield>
            <subfield code="x">Congresses.</subfield>
        </datafield>
        <datafield tag="700" ind1="1" ind2=" ">
            <subfield code="a">Hartigan, Karelisa.</subfield>
        </datafield>
        <datafield tag="710" ind1="2" ind2=" ">
            <subfield code="a">University of Florida.</subfield>
            <subfield code="b">Dept. of Classics.</subfield>
        </datafield>
        <datafield tag="811" ind1="2" ind2=" ">
            <subfield code="a">University of Florida Department of Classics Comparative Drama
                Conference.</subfield>
            <subfield code="t">University of Florida Department of Classics Comparative Drama
                Conference papers ;</subfield>
            <subfield code="v">v. 2.</subfield>
        </datafield>
        <datafield tag="998" ind1=" " ind2=" ">
            <subfield code="a">021901255</subfield>
            <subfield code="9">LOCAL</subfield>
        </datafield>
    </record>