
    <record>
        <leader> nam 22003611 4500</leader>
        <controlfield tag="001">990219161740306576</controlfield>
        <controlfield tag="008">731207s1968 ne b 100|0 eng </controlfield>
        <datafield tag="010" ind1=" " ind2=" ">
            <subfield code="a"> 67028649</subfield>
        </datafield>
        <datafield tag="015" ind1=" " ind2=" ">
            <subfield code="a">Ne***</subfield>
        </datafield>
        <datafield tag="035" ind1=" " ind2=" ">
            <subfield code="a">(aleph)021916174UXU01</subfield>
        </datafield>
        <datafield tag="035" ind1=" " ind2=" ">
            <subfield code="a">(OCoLC)00525806</subfield>
        </datafield>
        <datafield tag="035" ind1=" " ind2=" ">
            <subfield code="a">(EXLNZ-01FALSC_NETWORK)9910919509606561</subfield>
        </datafield>
        <datafield tag="035" ind1=" " ind2=" ">
            <subfield code="a">(01FALSC_FSU)990219161740306576</subfield>
        </datafield>
        <datafield tag="040" ind1=" " ind2=" ">
            <subfield code="a">DLC</subfield>
            <subfield code="c">DLC</subfield>
            <subfield code="d">FXG</subfield>
        </datafield>
        <datafield tag="050" ind1="0" ind2=" ">
            <subfield code="a">Q175</subfield>
            <subfield code="b">.I518 1965</subfield>
        </datafield>
        <datafield tag="082" ind1="0" ind2=" ">
            <subfield code="a">501</subfield>
        </datafield>
        <datafield tag="090" ind1=" " ind2=" ">
            <subfield code="a">Q175</subfield>
            <subfield code="b">.I518 1965</subfield>
        </datafield>
        <datafield tag="111" ind1="2" ind2=" ">
            <subfield code="a">International Colloquium in the Philosophy of Science</subfield>
            <subfield code="d">(1965 :</subfield>
            <subfield code="c">Bedford College)</subfield>
        </datafield>
        <datafield tag="245" ind1="1" ind2="0">
            <subfield code="a">Problems in the philosophy of science.</subfield>
            <subfield code="c">Edited by Imre Lakatos [and] Alan Musgrave.</subfield>
        </datafield>
        <datafield tag="260" ind1=" " ind2=" ">
            <subfield code="a">Amsterdam,</subfield>
            <subfield code="b">North-Holland Pub. Co.,</subfield>
            <subfield code="c">1968.</subfield>
        </datafield>
        <datafield tag="300" ind1=" " ind2=" ">
            <subfield code="a">ix, 448 p.</subfield>
            <subfield code="c">23 cm.</subfield>
        </datafield>
        <datafield tag="411" ind1="2" ind2="0">
            <subfield code="a">International Colloquium in the Philosophy of Science</subfield>
            <subfield code="d">(1965 :</subfield>
            <subfield code="c">Bedford College)</subfield>
            <subfield code="t">Proceedings,</subfield>
            <subfield code="v">v. 3</subfield>
            <subfield code="5">FTS</subfield>
        </datafield>
        <datafield tag="411" ind1="2" ind2="1">
            <subfield code="a">Its</subfield>
            <subfield code="t">Proceedings,</subfield>
            <subfield code="v">v.3</subfield>
            <subfield code="5">FMFIU</subfield>
        </datafield>
        <datafield tag="440" ind1=" " ind2="0">
            <subfield code="a">Studies in logic and the foundations of mathematics</subfield>
        </datafield>
        <datafield tag="490" ind1="1" ind2=" ">
            <subfield code="a">Its Proceedings, v. 3</subfield>
            <subfield code="5">FTaSU</subfield>
        </datafield>
        <datafield tag="500" ind1=" " ind2=" ">
            <subfield code="a">Studies in logic and the foundations of mathematics.</subfield>
            <subfield code="5">FTaSU</subfield>
        </datafield>
        <datafield tag="500" ind1=" " ind2=" ">
            <subfield code="a">"Organized jointly by the British Society for the Philosophy of
                Science and the London School of Economics and Political Science, under the auspices
                of the Division of Logic, Methodology, and Philosophy of Science of the
                International Union of History and Philosophy of Science."</subfield>
            <subfield code="5">FMFIU</subfield>
            <subfield code="5">FTaSU</subfield>
            <subfield code="5">FTS</subfield>
        </datafield>
        <datafield tag="504" ind1=" " ind2=" ">
            <subfield code="a">Bibliographical footnotes.</subfield>
        </datafield>
        <datafield tag="650" ind1=" " ind2="0">
            <subfield code="a">Science</subfield>
            <subfield code="x">Philosophy</subfield>
            <subfield code="x">Congresses.</subfield>
        </datafield>
        <datafield tag="700" ind1="1" ind2=" ">
            <subfield code="a">Lakatos, Imre,</subfield>
            <subfield code="d">1922-1974.</subfield>
        </datafield>
        <datafield tag="700" ind1="1" ind2=" ">
            <subfield code="a">Musgrave, Alan.</subfield>
        </datafield>
        <datafield tag="700" ind1="1" ind2=" ">
            <subfield code="a">Lakatos, Imre,</subfield>
            <subfield code="d">1922-1974.</subfield>
            <subfield code="e">ed.</subfield>
        </datafield>
        <datafield tag="700" ind1="1" ind2=" ">
            <subfield code="a">Musgrave, Alan,</subfield>
            <subfield code="e">ed.</subfield>
        </datafield>
        <datafield tag="710" ind1="2" ind2=" ">
            <subfield code="a">Bedford College.</subfield>
        </datafield>
        <datafield tag="710" ind1="2" ind2=" ">
            <subfield code="a">International Union of the History and Philosophy of
                Science.</subfield>
            <subfield code="b">Division of Logic, Methodology and Philosophy of Science.</subfield>
        </datafield>
        <datafield tag="710" ind1="2" ind2=" ">
            <subfield code="a">London School of Economics and Political Science.</subfield>
        </datafield>
        <datafield tag="710" ind1="2" ind2=" ">
            <subfield code="a">British Society for the Philosophy of Science.</subfield>
        </datafield>
        <datafield tag="811" ind1="2" ind2=" ">
            <subfield code="a">International Colloquium in the Philosophy of Science</subfield>
            <subfield code="d">(1965 :</subfield>
            <subfield code="c">Bedford College)</subfield>
            <subfield code="t">Proceedings ;</subfield>
            <subfield code="v">v. 3.</subfield>
        </datafield>
        <datafield tag="926" ind1=" " ind2=" ">
            <subfield code="a">HATHI-IC</subfield>
            <subfield code="5">KEEPUF</subfield>
            <subfield code="9">LOCAL</subfield>
        </datafield>
        <datafield tag="998" ind1=" " ind2=" ">
            <subfield code="a">021916174</subfield>
            <subfield code="9">LOCAL</subfield>
        </datafield>
    </record>