
    <record>
        <leader>00000nam 2200337I 4500</leader>
        <controlfield tag="001">990227247880306576</controlfield>
        <controlfield tag="005">20100319161516.0</controlfield>
        <controlfield tag="008">741113|1970||||xx 100|0 engmu</controlfield>
        <datafield tag="020" ind1=" " ind2=" ">
            <subfield code="a">0815650264</subfield>
        </datafield>
        <datafield tag="035" ind1=" " ind2=" ">
            <subfield code="a">(aleph)022724788UXU01</subfield>
        </datafield>
        <datafield tag="035" ind1=" " ind2=" ">
            <subfield code="a">(OCoLC)01074307</subfield>
        </datafield>
        <datafield tag="035" ind1=" " ind2=" ">
            <subfield code="a">(EXLNZ-01FALSC_NETWORK)9910762308706561</subfield>
        </datafield>
        <datafield tag="035" ind1=" " ind2=" ">
            <subfield code="a">(01FALSC_FSU)990227247880306576</subfield>
        </datafield>
        <datafield tag="040" ind1=" " ind2=" ">
            <subfield code="c">SYB</subfield>
            <subfield code="d">m.c.</subfield>
            <subfield code="d">FDA</subfield>
        </datafield>
        <datafield tag="050" ind1=" " ind2=" ">
            <subfield code="a">UF526.3</subfield>
            <subfield code="b">S3 no. 15</subfield>
        </datafield>
        <datafield tag="090" ind1=" " ind2=" ">
            <subfield code="a">T178</subfield>
            <subfield code="b">.S2 v.15, 1968</subfield>
            <subfield code="a">UF526.3.S3</subfield>
        </datafield>
        <datafield tag="090" ind1=" " ind2=" ">
            <subfield code="a">UF526.3</subfield>
            <subfield code="b">.S3 1968</subfield>
        </datafield>
        <datafield tag="092" ind1=" " ind2=" ">
            <subfield code="a">623.4072</subfield>
            <subfield code="b">S129, 15th, 1968</subfield>
        </datafield>
        <datafield tag="111" ind1="2" ind2=" ">
            <subfield code="a">Sagamore Army Materials Research Conference</subfield>
            <subfield code="n">(15th :</subfield>
            <subfield code="d">1968 :</subfield>
            <subfield code="c">Raquette Lake, N. Y.)</subfield>
        </datafield>
        <datafield tag="245" ind1="1" ind2="0">
            <subfield code="a">Ultrafine-grain ceramics;</subfield>
            <subfield code="b">proceedings.</subfield>
            <subfield code="c">Editors: John J.Burke, Norman L.Reed [and] Volker Weiss.</subfield>
        </datafield>
        <datafield tag="260" ind1=" " ind2=" ">
            <subfield code="a">[Syracuse, N.Y.]</subfield>
            <subfield code="b">Syracuse University Press</subfield>
            <subfield code="c">[1970]</subfield>
        </datafield>
        <datafield tag="300" ind1=" " ind2=" ">
            <subfield code="a">x, 406p.</subfield>
            <subfield code="b">illus.</subfield>
            <subfield code="c">24cm.</subfield>
        </datafield>
        <datafield tag="411" ind1="2" ind2="0">
            <subfield code="a">Sagamore Army Materials Research Conference.</subfield>
            <subfield code="t">Sagamore Army Materials Research Conference proceedings,</subfield>
            <subfield code="v">15</subfield>
            <subfield code="5">FBoU</subfield>
        </datafield>
        <datafield tag="490" ind1="1" ind2=" ">
            <subfield code="a">Sagamore Army Materials Research Conference proceedings / Sagamore
                Army Materials Research Conference ;</subfield>
            <subfield code="v">15th</subfield>
            <subfield code="5">FOFT</subfield>
        </datafield>
        <datafield tag="490" ind1="1" ind2=" ">
            <subfield code="a">Sagamore Army Materials Research Conference. Proceedings,</subfield>
            <subfield code="v">15</subfield>
            <subfield code="5">FTaSU</subfield>
        </datafield>
        <datafield tag="500" ind1=" " ind2=" ">
            <subfield code="a">"Sponsored by Army Materials and Mechanics Research Center,
                Watertown, Mass., in cooperation with Syracuse University."</subfield>
            <subfield code="5">FOFT</subfield>
        </datafield>
        <datafield tag="500" ind1=" " ind2=" ">
            <subfield code="a">"Sponsored by Army Materials and Mechanics Research Center,
                Watertwon, Mass., in cooperation with Syracuse University."</subfield>
            <subfield code="5">FBoU</subfield>
            <subfield code="5">FTaSU</subfield>
        </datafield>
        <datafield tag="504" ind1=" " ind2=" ">
            <subfield code="a">Includes bibliographical references.</subfield>
        </datafield>
        <datafield tag="650" ind1=" " ind2="0">
            <subfield code="a">Ceramics</subfield>
            <subfield code="v">Congresses.</subfield>
        </datafield>
        <datafield tag="700" ind1="1" ind2=" ">
            <subfield code="a">Burke, John J.,</subfield>
            <subfield code="e">ed.</subfield>
        </datafield>
        <datafield tag="700" ind1="1" ind2=" ">
            <subfield code="a">Reed, Norman L.,</subfield>
            <subfield code="e">ed.</subfield>
        </datafield>
        <datafield tag="700" ind1="1" ind2=" ">
            <subfield code="a">Weiss, Volker,</subfield>
            <subfield code="d">1930-</subfield>
            <subfield code="e">ed.</subfield>
        </datafield>
        <datafield tag="700" ind1="1" ind2=" ">
            <subfield code="a">Weiss, Volker,</subfield>
            <subfield code="d">1930-</subfield>
        </datafield>
        <datafield tag="700" ind1="1" ind2=" ">
            <subfield code="a">Reed, Norman L.</subfield>
        </datafield>
        <datafield tag="700" ind1="1" ind2=" ">
            <subfield code="a">Burke, John J.</subfield>
        </datafield>
        <datafield tag="710" ind1="2" ind2=" ">
            <subfield code="a">Army Materials and Mechanics Research Center (U.S.)</subfield>
        </datafield>
        <datafield tag="710" ind1="2" ind2=" ">
            <subfield code="a">Syracuse University.</subfield>
        </datafield>
        <datafield tag="811" ind1="2" ind2=" ">
            <subfield code="a">Sagamore Army Materials Research Conference.</subfield>
            <subfield code="t">Sagamore Army Materials Research Conference proceedings ;</subfield>
            <subfield code="v">15th.</subfield>
        </datafield>
        <datafield tag="998" ind1=" " ind2=" ">
            <subfield code="a">022724788</subfield>
            <subfield code="9">LOCAL</subfield>
        </datafield>
    </record>