
    <record>
        <leader> cam 2200289 i 4500</leader>
        <controlfield tag="001">990229488080306576</controlfield>
        <controlfield tag="008">761018c19761977nyua b 101 0 engm </controlfield>
        <datafield tag="010" ind1=" " ind2=" ">
            <subfield code="a"> 76049578 //r82</subfield>
        </datafield>
        <datafield tag="020" ind1=" " ind2=" ">
            <subfield code="a">0127518029</subfield>
        </datafield>
        <datafield tag="035" ind1=" " ind2=" ">
            <subfield code="a">(aleph)022948808UXU01</subfield>
        </datafield>
        <datafield tag="035" ind1=" " ind2=" ">
            <subfield code="a">(OCoLC)02542549</subfield>
        </datafield>
        <datafield tag="035" ind1=" " ind2=" ">
            <subfield code="a">(EXLNZ-01FALSC_NETWORK)9910491996106561</subfield>
        </datafield>
        <datafield tag="035" ind1=" " ind2=" ">
            <subfield code="a">(01FALSC_FSU)990229488080306576</subfield>
        </datafield>
        <datafield tag="040" ind1=" " ind2=" ">
            <subfield code="a">DLC</subfield>
            <subfield code="c">DLC</subfield>
            <subfield code="d">OCL</subfield>
            <subfield code="d">m.c.</subfield>
            <subfield code="d">FNP</subfield>
        </datafield>
        <datafield tag="050" ind1="0" ind2=" ">
            <subfield code="a">GC96</subfield>
            <subfield code="b">.I57 1975 v.2</subfield>
        </datafield>
        <datafield tag="050" ind1="0" ind2=" ">
            <subfield code="a">GC96</subfield>
            <subfield code="b">.I57 1975 vol. 2</subfield>
            <subfield code="a">GC97</subfield>
        </datafield>
        <datafield tag="050" ind1="0" ind2="0">
            <subfield code="a">GC96</subfield>
            <subfield code="b">.I57 1975, vol. 2</subfield>
        </datafield>
        <datafield tag="082" ind1="0" ind2=" ">
            <subfield code="a">551.4/609 s</subfield>
            <subfield code="a">551.4/609</subfield>
        </datafield>
        <datafield tag="090" ind1=" " ind2=" ">
            <subfield code="a">GC96</subfield>
            <subfield code="b">.I6 1975</subfield>
        </datafield>
        <datafield tag="099" ind1=" " ind2=" ">
            <subfield code="a">GC</subfield>
            <subfield code="a">96</subfield>
            <subfield code="a">I57</subfield>
            <subfield code="a">1975</subfield>
            <subfield code="a">vol. 2</subfield>
        </datafield>
        <datafield tag="111" ind1="2" ind2=" ">
            <subfield code="a">International Estuarine Research Conference</subfield>
            <subfield code="n">(3rd :</subfield>
            <subfield code="d">1975 :</subfield>
            <subfield code="c">Galveston, Tex.)</subfield>
        </datafield>
        <datafield tag="245" ind1="1" ind2="0">
            <subfield code="a">Circulation, sediments, and transfer of material in the estuary
                :</subfield>
            <subfield code="b">[papers] /</subfield>
            <subfield code="c">edited by Martin Wiley.</subfield>
        </datafield>
        <datafield tag="260" ind1=" " ind2=" ">
            <subfield code="a">New York :</subfield>
            <subfield code="b">Academic Press,</subfield>
            <subfield code="c">1976, c1977.</subfield>
        </datafield>
        <datafield tag="300" ind1=" " ind2=" ">
            <subfield code="a">xviii, 428 p. :</subfield>
            <subfield code="b">ill. ;</subfield>
            <subfield code="c">24 cm.</subfield>
        </datafield>
        <datafield tag="411" ind1="2" ind2="1">
            <subfield code="a">Its</subfield>
            <subfield code="t">Estuarine processes ;</subfield>
            <subfield code="v">v. 2</subfield>
            <subfield code="5">FSsNC</subfield>
        </datafield>
        <datafield tag="440" ind1=" " ind2="0">
            <subfield code="a">Estuarine processes : [papers]</subfield>
            <subfield code="v">v. 2</subfield>
        </datafield>
        <datafield tag="490" ind1="0" ind2=" ">
            <subfield code="a">Its Estuarine processes ; v. 2</subfield>
            <subfield code="5">FJUNF</subfield>
            <subfield code="5">FTaSU</subfield>
        </datafield>
        <datafield tag="490" ind1="1" ind2=" ">
            <subfield code="a">Estuarine processes ;</subfield>
            <subfield code="v">v. 2</subfield>
            <subfield code="5">FMFIU</subfield>
        </datafield>
        <datafield tag="504" ind1=" " ind2=" ">
            <subfield code="a">Includes bibliographies and index.</subfield>
        </datafield>
        <datafield tag="650" ind1=" " ind2="0">
            <subfield code="a">Estuarine oceanography</subfield>
            <subfield code="x">Congresses.</subfield>
        </datafield>
        <datafield tag="650" ind1=" " ind2="0">
            <subfield code="a">Oceanographic circulation</subfield>
            <subfield code="x">Congresses.</subfield>
        </datafield>
        <datafield tag="650" ind1=" " ind2="0">
            <subfield code="a">Estuarine sediments</subfield>
            <subfield code="x">Congresses.</subfield>
        </datafield>
        <datafield tag="650" ind1=" " ind2="0">
            <subfield code="a">Sediment transport</subfield>
            <subfield code="x">Congresses.</subfield>
        </datafield>
        <datafield tag="650" ind1=" " ind2="0">
            <subfield code="a">Ocean circulation</subfield>
            <subfield code="x">Congresses.</subfield>
        </datafield>
        <datafield tag="700" ind1="1" ind2=" ">
            <subfield code="a">Wiley, Martin L.</subfield>
        </datafield>
        <datafield tag="810" ind1="1" ind2=" ">
            <subfield code="a">International Estuarine Research Conference (3rd :</subfield>
            <subfield code="d">1975 :</subfield>
            <subfield code="c">Galveston).</subfield>
            <subfield code="t">Estuarine processes ;</subfield>
            <subfield code="v">v. 2</subfield>
        </datafield>
        <datafield tag="998" ind1=" " ind2=" ">
            <subfield code="a">022948808</subfield>
            <subfield code="9">LOCAL</subfield>
        </datafield>
    </record>