
    <record>
        <leader>00000nam 2200229I 4500</leader>
        <controlfield tag="001">990240492400306576</controlfield>
        <controlfield tag="008">780211s1952 enka 000|0 eng d</controlfield>
        <datafield tag="010" ind1=" " ind2=" ">
            <subfield code="a"> 57033973</subfield>
        </datafield>
        <datafield tag="035" ind1=" " ind2=" ">
            <subfield code="a">(aleph)024049240UXU01</subfield>
        </datafield>
        <datafield tag="035" ind1=" " ind2=" ">
            <subfield code="a">(OCoLC)03626829</subfield>
        </datafield>
        <datafield tag="035" ind1=" " ind2=" ">
            <subfield code="a">(EXLNZ-01FALSC_NETWORK)9910604931706561</subfield>
        </datafield>
        <datafield tag="035" ind1=" " ind2=" ">
            <subfield code="a">(01FALSC_FSU)990240492400306576</subfield>
        </datafield>
        <datafield tag="040" ind1=" " ind2=" ">
            <subfield code="a">TLM</subfield>
            <subfield code="c">TLM</subfield>
            <subfield code="d">FWA</subfield>
        </datafield>
        <datafield tag="090" ind1=" " ind2=" ">
            <subfield code="a">D16.2</subfield>
            <subfield code="b">.G65</subfield>
        </datafield>
        <datafield tag="090" ind1=" " ind2=" ">
            <subfield code="a">LB5</subfield>
            <subfield code="b">.G7 no.23</subfield>
        </datafield>
        <datafield tag="092" ind1=" " ind2=" ">
            <subfield code="a">942.07</subfield>
        </datafield>
        <datafield tag="110" ind1="1" ind2=" ">
            <subfield code="a">Great Britain.</subfield>
            <subfield code="b">Ministry of Education.</subfield>
        </datafield>
        <datafield tag="245" ind1="1" ind2="0">
            <subfield code="a">Teaching history.</subfield>
        </datafield>
        <datafield tag="260" ind1=" " ind2=" ">
            <subfield code="a">London,</subfield>
            <subfield code="b">H. M. Stationery Off.,</subfield>
            <subfield code="c">1952.</subfield>
        </datafield>
        <datafield tag="300" ind1=" " ind2=" ">
            <subfield code="a">89 p.</subfield>
            <subfield code="b">illus.</subfield>
            <subfield code="c">22 cm.</subfield>
        </datafield>
        <datafield tag="411" ind1="1" ind2="1">
            <subfield code="a">Its</subfield>
            <subfield code="t">Pamphlet</subfield>
            <subfield code="v">no. 23</subfield>
            <subfield code="5">FPeU</subfield>
        </datafield>
        <datafield tag="490" ind1="0" ind2=" ">
            <subfield code="a">Its Pamphlet no. 23</subfield>
            <subfield code="5">FTaSU</subfield>
        </datafield>
        <datafield tag="650" ind1=" " ind2="0">
            <subfield code="a">History</subfield>
            <subfield code="x">Study and teaching.</subfield>
        </datafield>
        <datafield tag="691" ind1=" " ind2=" ">
            <subfield code="a">Great Britain</subfield>
            <subfield code="x">History</subfield>
            <subfield code="x">Study and teaching.</subfield>
            <subfield code="5">FTaSU</subfield>
        </datafield>
        <datafield tag="926" ind1=" " ind2=" ">
            <subfield code="a">HATHI-IC</subfield>
            <subfield code="5">KEEPUF</subfield>
            <subfield code="9">LOCAL</subfield>
        </datafield>
        <datafield tag="998" ind1=" " ind2=" ">
            <subfield code="a">024049240</subfield>
            <subfield code="9">LOCAL</subfield>
        </datafield>
    </record>