
    <record>
        <leader> cam a2200301 45x0</leader>
        <controlfield tag="001">990247863340306576</controlfield>
        <controlfield tag="005">20210419075325.0</controlfield>
        <controlfield tag="008">010925s1963 njuf b 100 0 eng </controlfield>
        <datafield tag="010" ind1=" " ind2=" ">
            <subfield code="a">73164482</subfield>
        </datafield>
        <datafield tag="019" ind1=" " ind2=" ">
            <subfield code="a">536039</subfield>
            <subfield code="a">5281209</subfield>
        </datafield>
        <datafield tag="035" ind1=" " ind2=" ">
            <subfield code="a">(aleph)024786334UXU01</subfield>
        </datafield>
        <datafield tag="035" ind1=" " ind2=" ">
            <subfield code="a">(OCoLC)02722554</subfield>
        </datafield>
        <datafield tag="035" ind1=" " ind2=" ">
            <subfield code="a">(EXLNZ-01FALSC_NETWORK)9910686436106561</subfield>
        </datafield>
        <datafield tag="035" ind1=" " ind2=" ">
            <subfield code="a">(01FALSC_FSU)990247863340306576</subfield>
        </datafield>
        <datafield tag="040" ind1=" " ind2=" ">
            <subfield code="a">DLC</subfield>
            <subfield code="c">DLC</subfield>
            <subfield code="d">OCL</subfield>
            <subfield code="d">FSJ</subfield>
        </datafield>
        <datafield tag="041" ind1="0" ind2=" ">
            <subfield code="a">engfreita</subfield>
        </datafield>
        <datafield tag="050" ind1="0" ind2="0">
            <subfield code="a">N21</subfield>
            <subfield code="b">.I585 1961 vol. 4</subfield>
            <subfield code="a">N6447</subfield>
        </datafield>
        <datafield tag="082" ind1="0" ind2="0">
            <subfield code="a">709/.03/4</subfield>
        </datafield>
        <datafield tag="090" ind1=" " ind2=" ">
            <subfield code="a">N21</subfield>
            <subfield code="b">I585 1961 v.4</subfield>
        </datafield>
        <datafield tag="111" ind1="2" ind2=" ">
            <subfield code="a">International Congress of the History of Art,</subfield>
            <subfield code="n">20th,</subfield>
            <subfield code="c">New York,</subfield>
            <subfield code="d">1961.</subfield>
        </datafield>
        <datafield tag="245" ind1="1" ind2="0">
            <subfield code="a">Problems of the 19th &amp; 20th centuries.</subfield>
        </datafield>
        <datafield tag="260" ind1=" " ind2=" ">
            <subfield code="a">Princeton, N.J.,</subfield>
            <subfield code="b">Princeton University Press,</subfield>
            <subfield code="c">1963.</subfield>
        </datafield>
        <datafield tag="300" ind1=" " ind2=" ">
            <subfield code="a">xii, 211 p., 48 plates.</subfield>
            <subfield code="c">24 cm.</subfield>
        </datafield>
        <datafield tag="411" ind1="2" ind2="1">
            <subfield code="a">Its</subfield>
            <subfield code="t">Studies in Western art,</subfield>
            <subfield code="v">v. 4</subfield>
            <subfield code="5">FTaSU</subfield>
        </datafield>
        <datafield tag="490" ind1="1" ind2=" ">
            <subfield code="a">Acts of the twentieth International Congress of the History of
                Art</subfield>
        </datafield>
        <datafield tag="490" ind1="0" ind2=" ">
            <subfield code="a">Studies in Western art,</subfield>
            <subfield code="v">v. 4</subfield>
        </datafield>
        <datafield tag="546" ind1=" " ind2=" ">
            <subfield code="a">Chiefly in English, some contributions in French or
                Italian.</subfield>
        </datafield>
        <datafield tag="504" ind1=" " ind2=" ">
            <subfield code="a">Includes bibliographical references.</subfield>
        </datafield>
        <datafield tag="650" ind1=" " ind2="0">
            <subfield code="a">Art, Modern</subfield>
            <subfield code="y">19th century</subfield>
            <subfield code="v">Congresses.</subfield>
        </datafield>
        <datafield tag="650" ind1=" " ind2="0">
            <subfield code="a">Art, Modern</subfield>
            <subfield code="y">20th century</subfield>
            <subfield code="v">Congresses.</subfield>
        </datafield>
        <datafield tag="830" ind1=" " ind2="0">
            <subfield code="a">International Congress of the History of Art.</subfield>
            <subfield code="t">Acts ;</subfield>
            <subfield code="v">1961.</subfield>
        </datafield>
        <datafield tag="998" ind1=" " ind2=" ">
            <subfield code="a">024786334</subfield>
            <subfield code="9">LOCAL</subfield>
        </datafield>
    </record>