
    <record>
        <leader> cam a2200301 45x0</leader>
        <controlfield tag="001">990247863590306576</controlfield>
        <controlfield tag="005">20110915101442.0</controlfield>
        <controlfield tag="008">010925s1963 njuf b 100 0 eng </controlfield>
        <datafield tag="010" ind1=" " ind2=" ">
            <subfield code="a">73164481</subfield>
        </datafield>
        <datafield tag="035" ind1=" " ind2=" ">
            <subfield code="a">(aleph)024786359UXU01</subfield>
        </datafield>
        <datafield tag="035" ind1=" " ind2=" ">
            <subfield code="a">(OCoLC)00678271</subfield>
        </datafield>
        <datafield tag="035" ind1=" " ind2=" ">
            <subfield code="a">(EXLNZ-01FALSC_NETWORK)9910686430006561</subfield>
        </datafield>
        <datafield tag="035" ind1=" " ind2=" ">
            <subfield code="a">(01FALSC_FSU)990247863590306576</subfield>
        </datafield>
        <datafield tag="040" ind1=" " ind2=" ">
            <subfield code="a">DLC</subfield>
            <subfield code="c">DLC</subfield>
            <subfield code="d">OCL</subfield>
            <subfield code="d">ZGM</subfield>
            <subfield code="d">FSJ</subfield>
        </datafield>
        <datafield tag="041" ind1="0" ind2=" ">
            <subfield code="a">engfregerita</subfield>
        </datafield>
        <datafield tag="050" ind1="0" ind2="0">
            <subfield code="a">N21</subfield>
            <subfield code="b">.I585 1961 vol. 2</subfield>
            <subfield code="a">N6370</subfield>
        </datafield>
        <datafield tag="082" ind1="0" ind2="0">
            <subfield code="a">709/.02/4</subfield>
        </datafield>
        <datafield tag="090" ind1=" " ind2=" ">
            <subfield code="a">N21</subfield>
            <subfield code="b">.I585 1961 v.2</subfield>
        </datafield>
        <datafield tag="111" ind1="2" ind2=" ">
            <subfield code="a">International Congress of the History of Art,</subfield>
            <subfield code="n">20th,</subfield>
            <subfield code="c">New York,</subfield>
            <subfield code="d">1961.</subfield>
        </datafield>
        <datafield tag="245" ind1="1" ind2="4">
            <subfield code="a">The Renaissance and mannerism.</subfield>
        </datafield>
        <datafield tag="260" ind1=" " ind2=" ">
            <subfield code="a">Princeton, N.J.,</subfield>
            <subfield code="b">Princeton University Press,</subfield>
            <subfield code="c">1963.</subfield>
        </datafield>
        <datafield tag="300" ind1=" " ind2=" ">
            <subfield code="a">x, 261 p., 56 plates.</subfield>
            <subfield code="c">24 cm.</subfield>
        </datafield>
        <datafield tag="411" ind1="2" ind2="1">
            <subfield code="a">Its</subfield>
            <subfield code="t">Studies in Western art,</subfield>
            <subfield code="v">v. 2</subfield>
            <subfield code="5">FTaSU</subfield>
        </datafield>
        <datafield tag="440" ind1=" " ind2="0">
            <subfield code="a">Studies in Western art ;</subfield>
            <subfield code="v">v. 2</subfield>
        </datafield>
        <datafield tag="490" ind1="1" ind2=" ">
            <subfield code="a">Acts of the twentieth International Congress of the History of
                Art</subfield>
            <subfield code="5">FSsNC</subfield>
            <subfield code="5">FTaSU</subfield>
        </datafield>
        <datafield tag="500" ind1=" " ind2=" ">
            <subfield code="a">Chiefly in English, some contributions in French, German, or
                Italian.</subfield>
            <subfield code="5">FSsNC</subfield>
            <subfield code="5">FTaSU</subfield>
        </datafield>
        <datafield tag="504" ind1=" " ind2=" ">
            <subfield code="a">Includes bibliographical references.</subfield>
        </datafield>
        <datafield tag="505" ind1="0" ind2=" ">
            <subfield code="a">The Renaissance abd antiquity. Introduction / Andr Chastel ; Sources
                of the Renaissance villa / James S. Ackerman ; The Renaissance concept of nature and
                antiquity / Jan Bialostocki ; The style all'antica : imitation and assimilation /
                E.H. Gombrich ; Alberti and Vitruvius / Richard Krautheimer ; Physiognomical theory
                in Renaissance heroic portraits / Peter Meller ; Le Premier projet pour St.-Pierre
                de Rome, Bramante et Michel-Ange / Franz Wolff Metternich ; The census of antique
                works of art known to Renaissance artists / Phyllis Bober ; The revival of antique
                vault decoration / Juergen Schulz -- Intalian art, 1420-1430. Introduction / Hans
                Kauffmann ; Nanni di Banco's Assumption of the Virgin on the Porta della Mandorla /
                H.W. Janson ; Strukturprinzipien der Florentiner Frhrenaissance-Architektur :
                Prospectiva aedificandi / Ludwig H. Heydenreich ; Masaccio and the early Renaissance
                : the circular plan / Millard Meiss ; Perspective and imagination / Robert Oertel --
                Recent concepts of mannerism. Introduction : the historiographic background / E.H.
                Gombrich ; Mannerism and maniera / Craig Hugh Smyth ; Maniera as an aestheic ideal /
                John Shearman ; Power and the individual in mannerist art / Frederick Hartt ;
                Mannerism in architecture : changing aspects / Wolfgang Lotz ; Realism as a "side
                road or byway" in Dutch art / E.K.J. Reznicek ; Discussione sul manierismo /
                Declecio Redig de Campos.</subfield>
            <subfield code="5">FTaSU</subfield>
        </datafield>
        <datafield tag="650" ind1=" " ind2="0">
            <subfield code="a">Art, Renaissance</subfield>
            <subfield code="v">Congresses.</subfield>
        </datafield>
        <datafield tag="650" ind1=" " ind2="0">
            <subfield code="a">Mannerism (Art)</subfield>
            <subfield code="v">Congresses.</subfield>
        </datafield>
        <datafield tag="830" ind1=" " ind2="0">
            <subfield code="a">International Congress of the History of Art.</subfield>
            <subfield code="t">Acts ;</subfield>
            <subfield code="v">1961.</subfield>
        </datafield>
        <datafield tag="830" ind1=" " ind2="0">
            <subfield code="a">International Congress of the History of Art. Acts,</subfield>
            <subfield code="v">1961.</subfield>
        </datafield>
        <datafield tag="998" ind1=" " ind2=" ">
            <subfield code="a">024786359</subfield>
            <subfield code="9">LOCAL</subfield>
        </datafield>
    </record>