
    <record>
        <leader>01465cam 2200337 a 4500</leader>
        <controlfield tag="001">990247954630306576</controlfield>
        <controlfield tag="005">20071212070554.0</controlfield>
        <controlfield tag="008">900926s1990 ilua b 101 0 eng </controlfield>
        <datafield tag="010" ind1=" " ind2=" ">
            <subfield code="a">90019371</subfield>
        </datafield>
        <datafield tag="019" ind1=" " ind2=" ">
            <subfield code="a">26318275</subfield>
        </datafield>
        <datafield tag="020" ind1=" " ind2=" ">
            <subfield code="a">0226043843</subfield>
        </datafield>
        <datafield tag="020" ind1=" " ind2=" ">
            <subfield code="a">9780226043845</subfield>
        </datafield>
        <datafield tag="035" ind1=" " ind2=" ">
            <subfield code="a">(aleph)024795463UXU01</subfield>
        </datafield>
        <datafield tag="035" ind1=" " ind2=" ">
            <subfield code="a">(OCoLC)22543847</subfield>
        </datafield>
        <datafield tag="035" ind1=" " ind2=" ">
            <subfield code="a">(EXLNZ-01FALSC_NETWORK)9910405396106561</subfield>
        </datafield>
        <datafield tag="035" ind1=" " ind2=" ">
            <subfield code="a">(01FALSC_FSU)990247954630306576</subfield>
        </datafield>
        <datafield tag="040" ind1=" " ind2=" ">
            <subfield code="a">DLC</subfield>
            <subfield code="c">DLC</subfield>
            <subfield code="d">UKM</subfield>
            <subfield code="d">OCL</subfield>
            <subfield code="d">EL</subfield>
            <subfield code="a">dMUQ</subfield>
            <subfield code="d">BAKER</subfield>
            <subfield code="d">NLGGC</subfield>
            <subfield code="d">BTCTA</subfield>
            <subfield code="d">YDXCP</subfield>
            <subfield code="d">UX0</subfield>
            <subfield code="d">FHC</subfield>
        </datafield>
        <datafield tag="050" ind1="0" ind2="0">
            <subfield code="a">HC106.3</subfield>
            <subfield code="b">.C714 vol. 54</subfield>
            <subfield code="a">HC79.I5</subfield>
        </datafield>
        <datafield tag="050" ind1="0" ind2="0">
            <subfield code="a">HC106.3</subfield>
            <subfield code="b">.C714 vol. 54</subfield>
        </datafield>
        <datafield tag="082" ind1="0" ind2="0">
            <subfield code="a">330 s</subfield>
            <subfield code="a">330.1/6</subfield>
            <subfield code="2">20</subfield>
        </datafield>
        <datafield tag="090" ind1=" " ind2=" ">
            <subfield code="a">HC106.3</subfield>
            <subfield code="b">.C714 v.54</subfield>
        </datafield>
        <datafield tag="245" ind1="0" ind2="0">
            <subfield code="a">Fifty years of economic measurement :</subfield>
            <subfield code="b">the jubilee of the Conference on Research in Income and Wealth
                /</subfield>
            <subfield code="c">edited by Ernst R. Berndt and Jack E. Triplett.</subfield>
        </datafield>
        <datafield tag="260" ind1=" " ind2=" ">
            <subfield code="a">Chicago :</subfield>
            <subfield code="b">University of Chicago Press,</subfield>
            <subfield code="c">1990.</subfield>
        </datafield>
        <datafield tag="300" ind1=" " ind2=" ">
            <subfield code="a">ix, 454 p. :</subfield>
            <subfield code="b">ill. ;</subfield>
            <subfield code="c">24 cm.</subfield>
        </datafield>
        <datafield tag="411" ind1="2" ind2="0">
            <subfield code="a">Conference on Research in Income and Wealth.</subfield>
            <subfield code="t">Studies in income and wealth ;</subfield>
            <subfield code="v">v. 54</subfield>
            <subfield code="5">FPeU</subfield>
        </datafield>
        <datafield tag="440" ind1=" " ind2="0">
            <subfield code="a">Studies in income and wealth ;</subfield>
            <subfield code="v">v. 54</subfield>
        </datafield>
        <datafield tag="490" ind1="0" ind2=" ">
            <subfield code="a">Studies in income and wealth ;</subfield>
            <subfield code="v">v. 54</subfield>
            <subfield code="5">FTaSU</subfield>
        </datafield>
        <datafield tag="500" ind1=" " ind2=" ">
            <subfield code="a">Contains part of the papers and discussion presented at the 50th
                Anniversary Conference of the Conference on Research in Income and Wealth held May
                12-14, 1988, in Washington, D.C.</subfield>
            <subfield code="5">FU</subfield>
            <subfield code="5">FSsNC</subfield>
            <subfield code="5">FTaSU</subfield>
            <subfield code="5">FPeU</subfield>
            <subfield code="5">FTS</subfield>
            <subfield code="5">FOFT</subfield>
        </datafield>
        <datafield tag="504" ind1=" " ind2=" ">
            <subfield code="a">Includes bibliographical references and indexes.</subfield>
        </datafield>
        <datafield tag="610" ind1="2" ind2="0">
            <subfield code="a">Conference on Research in Income and Wealth</subfield>
            <subfield code="v">Congresses.</subfield>
        </datafield>
        <datafield tag="650" ind1=" " ind2="0">
            <subfield code="a">Wealth</subfield>
            <subfield code="v">Congresses.</subfield>
        </datafield>
        <datafield tag="650" ind1=" " ind2="0">
            <subfield code="a">Saving and investment</subfield>
            <subfield code="v">Congresses.</subfield>
        </datafield>
        <datafield tag="650" ind1=" " ind2="0">
            <subfield code="a">Income</subfield>
            <subfield code="v">Congresses.</subfield>
        </datafield>
        <datafield tag="700" ind1="1" ind2=" ">
            <subfield code="a">Berndt, Ernst R.</subfield>
        </datafield>
        <datafield tag="700" ind1="1" ind2=" ">
            <subfield code="a">Triplett, Jack E.</subfield>
        </datafield>
        <datafield tag="710" ind1="2" ind2=" ">
            <subfield code="a">Conference on Research in Income and Wealth.</subfield>
            <subfield code="b">50th Anniversary Conference</subfield>
            <subfield code="d">(1988 :</subfield>
            <subfield code="c">Washington, D.C.)</subfield>
        </datafield>
        <datafield tag="998" ind1=" " ind2=" ">
            <subfield code="a">024795463</subfield>
            <subfield code="9">LOCAL</subfield>
        </datafield>
    </record>