
    <record>
        <leader>01123cam 2200289 i 4500</leader>
        <controlfield tag="001">990262144100306576</controlfield>
        <controlfield tag="008">760122s1976 nyua b 100|0 engm </controlfield>
        <datafield tag="010" ind1=" " ind2=" ">
            <subfield code="a"> 76001944</subfield>
        </datafield>
        <datafield tag="020" ind1=" " ind2=" ">
            <subfield code="a">030638227X (v. 7) :</subfield>
            <subfield code="c">$35.00</subfield>
        </datafield>
        <datafield tag="035" ind1=" " ind2=" ">
            <subfield code="a">(aleph)026214410UXU01</subfield>
        </datafield>
        <datafield tag="035" ind1=" " ind2=" ">
            <subfield code="a">(OCoLC)02020554</subfield>
        </datafield>
        <datafield tag="035" ind1=" " ind2=" ">
            <subfield code="a">(EXLNZ-01FALSC_NETWORK)9910622813606561</subfield>
        </datafield>
        <datafield tag="035" ind1=" " ind2=" ">
            <subfield code="a">(01FALSC_FSU)990262144100306576</subfield>
        </datafield>
        <datafield tag="040" ind1=" " ind2=" ">
            <subfield code="a">DLC</subfield>
            <subfield code="c">DLC</subfield>
            <subfield code="d">IAV</subfield>
            <subfield code="d">FHM</subfield>
        </datafield>
        <datafield tag="050" ind1="0" ind2=" ">
            <subfield code="a">RM260.2</subfield>
            <subfield code="b">.I57 1975, v.7-8</subfield>
            <subfield code="a">RC271.C5</subfield>
        </datafield>
        <datafield tag="050" ind1="0" ind2=" ">
            <subfield code="a">RM260.2</subfield>
            <subfield code="b">.I57 1975 v.7-8</subfield>
        </datafield>
        <datafield tag="082" ind1="0" ind2=" ">
            <subfield code="a">615/.58 s</subfield>
            <subfield code="a">616.9/94/061</subfield>
        </datafield>
        <datafield tag="090" ind1=" " ind2=" ">
            <subfield code="a">RM260.2</subfield>
            <subfield code="b">.I57 1975, v.7-8</subfield>
        </datafield>
        <datafield tag="096" ind1=" " ind2=" ">
            <subfield code="a">QV 250 C517 1976 v.7-8</subfield>
        </datafield>
        <datafield tag="111" ind1="2" ind2=" ">
            <subfield code="a">International Congress of Chemotherapy</subfield>
            <subfield code="n">(9th :</subfield>
            <subfield code="d">1975 :</subfield>
            <subfield code="c">London)</subfield>
        </datafield>
        <datafield tag="245" ind1="1" ind2="0">
            <subfield code="a">Cancer chemotherapy I-II :</subfield>
            <subfield code="b">[proceedings of the ninth International Congress of Chemotherapy held
                in London, July, 1975] /</subfield>
            <subfield code="c">edited by K. Hellmann and T. A. Connors.</subfield>
        </datafield>
        <datafield tag="260" ind1=" " ind2=" ">
            <subfield code="a">New York :</subfield>
            <subfield code="b">Plenum Press,</subfield>
            <subfield code="c">c1976.</subfield>
        </datafield>
        <datafield tag="300" ind1=" " ind2=" ">
            <subfield code="a">2 v. :</subfield>
            <subfield code="b">ill. ;</subfield>
            <subfield code="c">26 cm.</subfield>
        </datafield>
        <datafield tag="411" ind1="2" ind2="0">
            <subfield code="a">International Congress of Chemotherapy</subfield>
            <subfield code="n">(9th :</subfield>
            <subfield code="d">1975 :</subfield>
            <subfield code="c">London)</subfield>
            <subfield code="t">Chemotherapy ;</subfield>
            <subfield code="v">v. 7-8</subfield>
            <subfield code="5">FTS</subfield>
        </datafield>
        <datafield tag="490" ind1="0" ind2=" ">
            <subfield code="a">Its Chemotherapy ;</subfield>
            <subfield code="v">v. 7-8</subfield>
            <subfield code="5">FTaSU</subfield>
        </datafield>
        <datafield tag="504" ind1=" " ind2=" ">
            <subfield code="a">Includes bibliographical references.</subfield>
        </datafield>
        <datafield tag="650" ind1=" " ind2="0">
            <subfield code="a">Cancer</subfield>
            <subfield code="x">Chemotherapy</subfield>
            <subfield code="x">Congresses.</subfield>
        </datafield>
        <datafield tag="700" ind1="1" ind2=" ">
            <subfield code="a">Hellmann, K.</subfield>
            <subfield code="q">(Kurt)</subfield>
        </datafield>
        <datafield tag="700" ind1="1" ind2=" ">
            <subfield code="a">Connors, T. A.,</subfield>
            <subfield code="d">1934-</subfield>
        </datafield>
        <datafield tag="700" ind1="1" ind2=" ">
            <subfield code="a">Connors, Thomas A.,</subfield>
            <subfield code="d">1934-</subfield>
        </datafield>
        <datafield tag="926" ind1=" " ind2=" ">
            <subfield code="a">HATHI-IC</subfield>
            <subfield code="5">KEEPUF</subfield>
            <subfield code="9">LOCAL</subfield>
        </datafield>
        <datafield tag="998" ind1=" " ind2=" ">
            <subfield code="a">026214410</subfield>
            <subfield code="9">LOCAL</subfield>
        </datafield>
    </record>