
    <record>
        <leader>01157nam 2200313 i 4500</leader>
        <controlfield tag="001">990263752670306576</controlfield>
        <controlfield tag="008">780726s1978 paua b 101|0 engm </controlfield>
        <datafield tag="010" ind1=" " ind2=" ">
            <subfield code="a">78008816</subfield>
        </datafield>
        <datafield tag="020" ind1=" " ind2=" ">
            <subfield code="a">0891680160 :</subfield>
            <subfield code="c">$18.95</subfield>
        </datafield>
        <datafield tag="035" ind1=" " ind2=" ">
            <subfield code="a">(aleph)026375267UXU01</subfield>
        </datafield>
        <datafield tag="035" ind1=" " ind2=" ">
            <subfield code="a">(OCoLC)04136511</subfield>
        </datafield>
        <datafield tag="035" ind1=" " ind2=" ">
            <subfield code="a">(EXLNZ-01FALSC_NETWORK)9910164251106561</subfield>
        </datafield>
        <datafield tag="035" ind1=" " ind2=" ">
            <subfield code="a">(01FALSC_FSU)990263752670306576</subfield>
        </datafield>
        <datafield tag="040" ind1=" " ind2=" ">
            <subfield code="a">DLC</subfield>
            <subfield code="c">DLC</subfield>
            <subfield code="d">FUG</subfield>
        </datafield>
        <datafield tag="050" ind1="0" ind2="0">
            <subfield code="a">QD139.P6</subfield>
            <subfield code="b">E27 1977</subfield>
        </datafield>
        <datafield tag="111" ind1="2" ind2=" ">
            <subfield code="a">Eastern Analytical Symposium,</subfield>
            <subfield code="n">17th,</subfield>
            <subfield code="c">New York,</subfield>
            <subfield code="d">1977.</subfield>
        </datafield>
        <datafield tag="245" ind1="1" ind2="0">
            <subfield code="a">Thermal methods in polymer analysis /</subfield>
            <subfield code="c">S. W. Shalaby, editor.</subfield>
        </datafield>
        <datafield tag="260" ind1=" " ind2=" ">
            <subfield code="a">Philadelphia :</subfield>
            <subfield code="b">Franklin Institute Press,</subfield>
            <subfield code="c">c1978.</subfield>
        </datafield>
        <datafield tag="300" ind1=" " ind2=" ">
            <subfield code="a">vii, 204 p. :</subfield>
            <subfield code="b">ill. ;</subfield>
            <subfield code="c">23 cm.</subfield>
        </datafield>
        <datafield tag="411" ind1="2" ind2="0">
            <subfield code="a">Eastern Analytical Symposium</subfield>
            <subfield code="n">(17th :</subfield>
            <subfield code="d">1977 :</subfield>
            <subfield code="c">New York)</subfield>
            <subfield code="t">1977 Eastern Analytical Symposium series</subfield>
            <subfield code="5">FTS</subfield>
        </datafield>
        <datafield tag="490" ind1="0" ind2=" ">
            <subfield code="a">Eastern Analytical Symposium series ; 1977</subfield>
            <subfield code="5">FTaSU</subfield>
        </datafield>
        <datafield tag="490" ind1="1" ind2=" ">
            <subfield code="a">1977 Eastern Analytical Symposium series</subfield>
            <subfield code="5">FU</subfield>
        </datafield>
        <datafield tag="500" ind1=" " ind2=" ">
            <subfield code="a">REPL*</subfield>
            <subfield code="5">FU</subfield>
        </datafield>
        <datafield tag="504" ind1=" " ind2=" ">
            <subfield code="a">Includes bibliographical references and index.</subfield>
        </datafield>
        <datafield tag="650" ind1=" " ind2="0">
            <subfield code="a">Polymers and polymerization</subfield>
            <subfield code="x">Analysis</subfield>
            <subfield code="v">Congresses.</subfield>
        </datafield>
        <datafield tag="650" ind1=" " ind2="0">
            <subfield code="a">Thermal analysis</subfield>
            <subfield code="v">Congresses.</subfield>
        </datafield>
        <datafield tag="650" ind1=" " ind2="0">
            <subfield code="a">Polymers</subfield>
            <subfield code="x">Analysis</subfield>
            <subfield code="x">Congresses.</subfield>
        </datafield>
        <datafield tag="700" ind1="1" ind2=" ">
            <subfield code="a">Shalaby, Shalaby W.</subfield>
        </datafield>
        <datafield tag="811" ind1="2" ind2=" ">
            <subfield code="a">Eastern Analytical Symposium,</subfield>
            <subfield code="b">17th,</subfield>
            <subfield code="c">New York,</subfield>
            <subfield code="d">1977.</subfield>
            <subfield code="t">1977 Eastern Analytical Symposium series.</subfield>
        </datafield>
        <datafield tag="998" ind1=" " ind2=" ">
            <subfield code="a">026375267</subfield>
            <subfield code="9">LOCAL</subfield>
        </datafield>
    </record>