
    <record>
        <leader>00000nam 22003135 4500</leader>
        <controlfield tag="001">990265272280306576</controlfield>
        <controlfield tag="008">770411s1967 nyu b i100|0 eng </controlfield>
        <datafield tag="010" ind1=" " ind2=" ">
            <subfield code="a"> 67005107</subfield>
        </datafield>
        <datafield tag="035" ind1=" " ind2=" ">
            <subfield code="a">(aleph)026527228UXU01</subfield>
        </datafield>
        <datafield tag="035" ind1=" " ind2=" ">
            <subfield code="a">(OCoLC)02880529</subfield>
        </datafield>
        <datafield tag="035" ind1=" " ind2=" ">
            <subfield code="a">(EXLNZ-01FALSC_NETWORK)9910954700506561</subfield>
        </datafield>
        <datafield tag="035" ind1=" " ind2=" ">
            <subfield code="a">(01FALSC_FSU)990265272280306576</subfield>
        </datafield>
        <datafield tag="040" ind1=" " ind2=" ">
            <subfield code="a">DLC</subfield>
            <subfield code="c">AZU</subfield>
        </datafield>
        <datafield tag="050" ind1="0" ind2="0">
            <subfield code="a">JX1977.A2</subfield>
            <subfield code="b">ST/CES/8</subfield>
        </datafield>
        <datafield tag="090" ind1=" " ind2=" ">
            <subfield code="a">HB881</subfield>
            <subfield code="b">.U5 1965</subfield>
        </datafield>
        <datafield tag="099" ind1=" " ind2=" ">
            <subfield code="a">UNST CES 8</subfield>
        </datafield>
        <datafield tag="111" ind1="2" ind2=" ">
            <subfield code="a">United Nations Regional Seminar on the Organization and Conduct of
                Population Censuses</subfield>
            <subfield code="d">(1965 :</subfield>
            <subfield code="c">Ankara and Istanbul)</subfield>
        </datafield>
        <datafield tag="245" ind1="1" ind2="0">
            <subfield code="a">Organization and conduct of population censuses;</subfield>
            <subfield code="b">report of the United Nations European regional seminar.</subfield>
        </datafield>
        <datafield tag="260" ind1=" " ind2=" ">
            <subfield code="a">New York,</subfield>
            <subfield code="b">United Nations,</subfield>
            <subfield code="c">1967.</subfield>
        </datafield>
        <datafield tag="300" ind1=" " ind2=" ">
            <subfield code="a">234, 4, 3 p. ;</subfield>
            <subfield code="c">28 cm.</subfield>
        </datafield>
        <datafield tag="411" ind1="2" ind2="0">
            <subfield code="a">Conference of European Statisticians.</subfield>
            <subfield code="t">Statistical standards and studies ,</subfield>
            <subfield code="v">no. 8</subfield>
            <subfield code="5">FTS</subfield>
        </datafield>
        <datafield tag="490" ind1="0" ind2=" ">
            <subfield code="a">&lt;United Nations. Document&gt; ;</subfield>
            <subfield code="v">ST/CES/8.</subfield>
            <subfield code="5">FTaSU</subfield>
        </datafield>
        <datafield tag="490" ind1="0" ind2=" ">
            <subfield code="a">Statistical standards and studies ;</subfield>
            <subfield code="v">no. 8</subfield>
            <subfield code="5">FTaSU</subfield>
        </datafield>
        <datafield tag="500" ind1=" " ind2=" ">
            <subfield code="a">"United Nations publication. Sales no.: 67.II.E/Mim.13."</subfield>
            <subfield code="5">FTaSU</subfield>
            <subfield code="5">FTS</subfield>
        </datafield>
        <datafield tag="500" ind1=" " ind2=" ">
            <subfield code="a">At head of title: United Nations Statistical Commission and Economic
                Commission for Europe.</subfield>
            <subfield code="5">FTaSU</subfield>
            <subfield code="5">FTS</subfield>
        </datafield>
        <datafield tag="500" ind1=" " ind2=" ">
            <subfield code="a">[United Nations. Document] ST/CES/8.</subfield>
            <subfield code="5">FTS</subfield>
        </datafield>
        <datafield tag="504" ind1=" " ind2=" ">
            <subfield code="a">Bibliographical footnotes.</subfield>
        </datafield>
        <datafield tag="650" ind1=" " ind2="0">
            <subfield code="a">Census.</subfield>
        </datafield>
        <datafield tag="710" ind1="2" ind2=" ">
            <subfield code="a">United Nations.</subfield>
            <subfield code="b">Statistical Commission.</subfield>
        </datafield>
        <datafield tag="710" ind1="2" ind2=" ">
            <subfield code="a">United Nations.</subfield>
            <subfield code="b">Economic Commission for Europe</subfield>
        </datafield>
        <datafield tag="998" ind1=" " ind2=" ">
            <subfield code="a">026527228</subfield>
            <subfield code="9">LOCAL</subfield>
        </datafield>
    </record>
</collection>
